@book{Abelson:1996:SIC:547755,
 author = {Abelson, Harold and Sussman, Gerald J.},
 title = {Structure and Interpretation of Computer Programs},
 year = {1996},
 isbn = {0262011530},
 edition = {2nd},
 publisher = {MIT Press},
 address = {Cambridge, MA, USA},
} 

@article{Bright:2012:UFC,
 author = {Bright, Walter},
 title = {Uniform Function Call Syntax},
 month = {March},
 year = {2012},
 journal = {Dr. Dobbs},
}
